<?xml version="1.0" encoding="UTF-8"?><collection xmlns="http://www.loc.gov/MARC21/slim"><record><leader>00321nam--2200121-i-4500</leader><controlfield tag="001">000028999</controlfield><controlfield tag="002">20161230</controlfield><controlfield tag="005">20161230201037</controlfield><controlfield tag="008">060222s1000------------r-----000-0-eng-d</controlfield><datafield ind1=" " ind2=" " tag="245"><subfield code="a">Laboratory methods in infrared spectroscopy</subfield></datafield><datafield ind1=" " ind2=" " tag="260"><subfield code="a">London, Heyden &amp; Son Ltd., 1965. Xii + 164p</subfield></datafield><datafield ind1=" " ind2=" " tag="700"><subfield code="a">Miller, R.G.J</subfield></datafield><datafield ind1=" " ind2=" " tag="852"><subfield code="a">21768</subfield></datafield></record></collection>